<?xml version="1.0"?>
<collection xmlns="http://www.loc.gov/MARC21/slim">
  <record>
    <leader>01084cam a2200325 a 4500</leader>
    <controlfield tag="001">00kozu_0</controlfield>
    <controlfield tag="003">CaSfIA</controlfield>
    <controlfield tag="005">20161017145041.0</controlfield>
    <controlfield tag="007">cr||||||||||||</controlfield>
    <controlfield tag="008">981026s1996    un a          000 0aukrod</controlfield>
    <datafield tag="020" ind1=" " ind2=" ">
      <subfield code="a">1895571170</subfield>
    </datafield>
    <datafield tag="035" ind1=" " ind2=" ">
      <subfield code="a">ocm40494645</subfield>
    </datafield>
    <datafield tag="040" ind1=" " ind2=" ">
      <subfield code="a">MWU</subfield>
      <subfield code="b">eng</subfield>
      <subfield code="d">AEU</subfield>
      <subfield code="d">CaSfIA</subfield>
    </datafield>
    <datafield tag="050" ind1=" " ind2="4">
      <subfield code="a">DK508.83.K69</subfield>
      <subfield code="b">A3 1996</subfield>
    </datafield>
    <datafield tag="090" ind1=" " ind2=" ">
      <subfield code="a">DK 508.83 K69 A3 1996</subfield>
      <subfield code="b">AEU</subfield>
    </datafield>
    <datafield tag="100" ind1="1" ind2=" ">
      <subfield code="a">Kozub, Ivan,</subfield>
      <subfield code="d">1896-</subfield>
    </datafield>
    <datafield tag="245" ind1="1" ind2="0">
      <subfield code="a">Doba i doli&#x361;a :</subfield>
      <subfield code="h">[electronic resource] </subfield>
      <subfield code="b">spohady /</subfield>
      <subfield code="c">Ivan Kozub.</subfield>
    </datafield>
    <datafield tag="246" ind1="1" ind2="5">
      <subfield code="a">Age and a destiny :</subfield>
      <subfield code="b">memoirs</subfield>
    </datafield>
    <datafield tag="260" ind1=" " ind2=" ">
      <subfield code="a">Ky&#xEF;v :</subfield>
      <subfield code="b">TAKSON ;</subfield>
      <subfield code="a">Edmonton :</subfield>
      <subfield code="b">Kanads&#x2B9;ky&#x12D; in-t ukr. studi&#x12D;,</subfield>
      <subfield code="c">1996.</subfield>
    </datafield>
    <datafield tag="300" ind1=" " ind2=" ">
      <subfield code="a">494 p. :</subfield>
      <subfield code="b">ill. ;</subfield>
      <subfield code="c">25 cm.</subfield>
    </datafield>
    <datafield tag="336" ind1=" " ind2=" ">
      <subfield code="a">text</subfield>
      <subfield code="b">txt</subfield>
      <subfield code="2">rdacontent</subfield>
    </datafield>
    <datafield tag="337" ind1=" " ind2=" ">
      <subfield code="a">unmediated</subfield>
      <subfield code="b">n</subfield>
      <subfield code="2">rdamedia</subfield>
    </datafield>
    <datafield tag="338" ind1=" " ind2=" ">
      <subfield code="a">volume</subfield>
      <subfield code="b">nc</subfield>
      <subfield code="2">rdacarrier</subfield>
    </datafield>
    <datafield tag="500" ind1=" " ind2=" ">
      <subfield code="a">"Literaturno-khudoz&#x361;hni&#x361;e vydanni&#x361;a"--Colophon.</subfield>
    </datafield>
    <datafield tag="596" ind1=" " ind2=" ">
      <subfield code="a">43</subfield>
    </datafield>
    <datafield tag="600" ind1="1" ind2="0">
      <subfield code="a">Kozub, Ivan.</subfield>
    </datafield>
    <datafield tag="650" ind1=" " ind2="0">
      <subfield code="a">Political prisoners</subfield>
      <subfield code="z">Ukraine</subfield>
      <subfield code="v">Biography.</subfield>
    </datafield>
    <datafield tag="650" ind1=" " ind2="5">
      <subfield code="a">Ukrainian Canadians</subfield>
      <subfield code="v">Biography.</subfield>
    </datafield>
    <datafield tag="651" ind1=" " ind2="0">
      <subfield code="a">Ukraine</subfield>
      <subfield code="x">History</subfield>
      <subfield code="y">1917-</subfield>
    </datafield>
    <datafield tag="856" ind1="4" ind2="1">
      <subfield code="u">http://archive.org/details/00kozu_0</subfield>
      <subfield code="z">Free eBook from the Internet Archive</subfield>
    </datafield>
    <datafield tag="856" ind1="4" ind2="2">
      <subfield code="u">http://www.openlibrary.org/books/OL12223095M</subfield>
      <subfield code="z">Additional information and access via Open Library</subfield>
    </datafield>
  </record>
</collection>
